<?xml version="1.0" encoding="UTF-8"?><collection xmlns="http://www.loc.gov/MARC21/slim"><record><leader>00477nam--2200169-i-4500</leader><controlfield tag="001">000019884</controlfield><controlfield tag="002">20161230</controlfield><controlfield tag="005">20170304145418</controlfield><controlfield tag="008">060222s1000------------r-----000-0-eng-d</controlfield><datafield ind1=" " ind2=" " tag="040"><subfield code="a">IFIN-HH</subfield></datafield><datafield ind1=" " ind2=" " tag="080"><subfield code="a">539.14(083.3)</subfield></datafield><datafield ind1="1" ind2=" " tag="100"><subfield code="a">Marion, Jerry B</subfield></datafield><datafield ind1="1" ind2="0" tag="245"><subfield code="a">1960 Nuclear Data Tables Part 3. Nuclear Reaction Graphs</subfield><subfield code="c">J.B. Marion</subfield></datafield><datafield ind1=" " ind2=" " tag="260"><subfield code="a">Washington</subfield><subfield code="b">National Academy of Sciences</subfield><subfield code="c">1960</subfield></datafield><datafield ind1=" " ind2=" " tag="300"><subfield code="a">XI+181 p</subfield></datafield><datafield ind1=" " ind2=" " tag="852"><subfield code="a">17710</subfield><subfield code="c">53.081</subfield></datafield><datafield ind1=" " ind2=" " tag="CAT"><subfield code="a">SYS</subfield><subfield code="c">20170304</subfield><subfield code="h">145418</subfield></datafield></record></collection>